@conference{sus16a,
author={Zdeněk Šustr and Diego Scardaci and Jiří Sitera and Boris Parák and Víctor Méndez Muñoz},
title={Easing Scientific Computing and Federated Management in the Cloud with OCCI},
booktitle={Proceedings of the 6th International Conference on Cloud Computing and Services Science},
year={2016},
pages={347-354},
doi={10.5220/0005934403470354},
isbn={978-989-758-182-3},
}
@conference{par16a,
author={Boris Parák and Zdeněk Šustr and Michal Kimle and Pablo Orviz Fernández and Álvaro López García and Stavros Sachtouris and Víctor Méndez Muñoz},
title={Evolution of the Open Cloud Computing Interface},
booktitle={Proceedings of the 6th International Conference on Cloud Computing and Services Science},
year={2016},
pages={339-346},
doi={10.5220/0005934103390346},
isbn={978-989-758-182-3},
}
@conference{kat16a,
author={Gregory Katsaros and Thijs Metsch and John Kennedy},
title={SLAaaS: an OCCI Compliant Framework for Cloud SLA Provisioning and Violation Detection},
booktitle={Proceedings of the 6th International Conference on Cloud Computing and Services Science},
year={2016},
pages={355-362},
doi={10.5220/0005938403550362},
isbn={978-989-758-182-3},
}
@conference{ciu16a,
author={Augusto Ciuffoletti},
title={Beyond Nagios - Design of a Cloud Monitoring System},
booktitle={Proceedings of the 6th International Conference on Cloud Computing and Services Science},
year={2016},
pages={363-370},
doi={10.5220/0005778303630370},
isbn={978-989-758-182-3},
}
