% This file was created with JabRef 2.6.
% Encoding: UTF-8

@MISC{rfc3986,
  author = {T. Berners-Lee and R. Fielding and L. Masinter},
  title = {{Uniform Resource Identifier (URI): Generic Syntax}},
  howpublished = {RFC 3986 (Standard)},
  month = jan,
  year = {2005},
  number = {3986},
  organization = {Internet Engineering Task Force},
  publisher = {IETF},
  series = {Request for Comments},
  url = {http://www.ietf.org/rfc/rfc3986.txt}
}

@MISC{rfc2119,
  author = {S. Bradner},
  title = {{Key words for use in RFCs to Indicate Requirement Levels}},
  howpublished = {RFC 2119 (Best Current Practice)},
  month = mar,
  year = {1997},
  number = {2119},
  organization = {Internet Engineering Task Force},
  publisher = {IETF},
  series = {Request for Comments},
  url = {http://www.ietf.org/rfc/rfc2119.txt}
}

@MISC{cdmi,
  author = {David Slik and Mike Siefer and Eric Hibbard and Chris Schwarzer and
    Alan Yoder and Lakshmi N. Bairavasundaram and Scott Baker and Mark Carlson
      and Hue Nguyen and Rich Ramos},
  title = {Cloud Data Management Interface (CDMI) v1.0},
  howpublished = {http://www.snia.org/},
  month = apr,
  year = {2010},
  url = {http://www.snia.org/tech\_activities/standards/curr\_standards/cdmi/CDMI\_SNIA\_Architecture\_v1.0.pdf}
}

@MISC{rfc2616,
  author = {R. Fielding and J. Gettys and J. Mogul and H. Frystyk and L. Masinter
	and P. Leach and T. Berners-Lee},
  title = {{Hypertext Transfer Protocol -- HTTP/1.1}},
  howpublished = {RFC 2616 (Draft Standard)},
  month = jun,
  year = {1999},
  note = {Updated by RFCs 2817, 5785},
  number = {2616},
  organization = {Internet Engineering Task Force},
  publisher = {IETF},
  series = {Request for Comments},
  url = {http://www.ietf.org/rfc/rfc2616.txt}
}

@PHDTHESIS{REST_Fielding,
  author = {Thomas Roy Fielding},
  title = {Architectural Styles and the Design of Network-based Software Architectures},
  school = {University of California, Irvine},
  year = {2000},
  owner = {tmetsch},
  timestamp = {2010.12.07}
}

@MISC{rfc2617,
  author = {J. Franks and P. Hallam-Baker and J. Hostetler and S. Lawrence and
	P. Leach and A. Luotonen and E. Sink and L. Stewart},
  title = {{HTTP Authentication: Basic and Digest Access Authentication}},
  howpublished = {RFC 2617 (Standard)},
  month = june,
  year = {1999},
  organization = {Internet Engineering Task Force},
  publisher = {IETF},
  series = {Request for Comments},
  url = {http://www.ietf.org/rfc/rfc2617.txt}
}

@MISC{occi:http_rendering,
  author = {Thijs Metsch and Andy Edmonds},
  title = {{Open Cloud Computing Interface -- HTTP Rendering}},
  howpublished = {GFD-P-R.185},
  month = {April},
  year = {2011},
  url = {{http://ogf.org/documents/GFD.185.pdf}}
}

@MISC{occi:infrastructure,
  author = {Thijs Metsch and Andy Edmonds},
  title = {{Open Cloud Computing Interface -- Infrastructure}},
  howpublished = {GFD-P-R.184},
  month = {April},
  year = {2011},
  url = {{http://ogf.org/documents/GFD.184.pdf}}
}

@ARTICLE{Moon:1986:flavors,
  author = {Moon, David A.},
  title = {Object-oriented programming with flavors},
  journal = {SIGPLAN Not.},
  year = {1986},
  volume = {21},
  pages = {1--8},
  month = {June},
  acmid = {28698},
  address = {New York, NY, USA},
  doi = {http://doi.acm.org/10.1145/960112.28698},
  issn = {0362-1340},
  issue = {11},
  numpages = {8},
  publisher = {ACM},
  url = {http://doi.acm.org/10.1145/960112.28698}
}

@MISC{rfc5785,
  author = {M. Nottingham},
  title = {{Defining Well-Known Uniform Resource Identifiers (URIs)}},
  howpublished = {RFC 5785 (Proposed Standard)},
  month = apr,
  year = {2010},
  number = {5785},
  organization = {Internet Engineering Task Force},
  publisher = {IETF},
  series = {Request for Comments},
  url = {http://www.ietf.org/rfc/rfc5785.txt}
}

@MISC{rfc5988,
  author = {M. Nottingham},
  title = {{Web Linking}},
  howpublished = {RFC 5988 (Proposed Standard)},
  month = oct,
  year = {2010},
  number = {5988},
  organization = {Internet Engineering Task Force},
  publisher = {IETF},
  series = {Request for Comments},
  url = {http://www.ietf.org/rfc/rfc5988.txt}
}

@MISC{occi:core,
  author = {Ralf Nyr√©n and Andy Edmonds and Alexander Papaspyrou and Thijs Metsch},
  title = {{Open Cloud Computing Interface -- Core}},
  howpublished = {GFD-P-R.183},
  month = {April},
  year = {2011},
  url = {{http://ogf.org/documents/GFD.183.pdf}}
}

